<record><leader>00000cas a22000007a 4500</leader><controlfield tag="001">10896724</controlfield><controlfield tag="008">840628d18641982iaucr ne      0   a0eng d</controlfield><datafield ind1=" " ind2=" " tag="010"><subfield code="a">sn 84027141 </subfield></datafield><datafield ind1=" " ind2=" " tag="040"><subfield code="a">NPU</subfield><subfield code="b">eng</subfield><subfield code="c">NPU</subfield><subfield code="d">NPX</subfield><subfield code="d">NSD</subfield><subfield code="d">INP</subfield><subfield code="d">NVF</subfield><subfield code="d">OCL</subfield><subfield code="d">OCLCQ</subfield><subfield code="d">OCLCF</subfield><subfield code="d">OCLCO</subfield></datafield><datafield ind1=" " ind2=" " tag="042"><subfield code="a">msc</subfield></datafield><datafield ind1=" " ind2=" " tag="043"><subfield code="a">n-us-ia</subfield></datafield><datafield ind1="0" ind2="4" tag="245"><subfield code="a">The Dewitt observer.</subfield></datafield><datafield ind1="3" ind2="0" tag="246"><subfield code="a">De Witt observer</subfield></datafield><datafield ind1="1" ind2="7" tag="246"><subfield code="a">Wheatland gazette</subfield></datafield><datafield ind1=" " ind2=" " tag="260"><subfield code="a">De Witt, Clinton County, Iowa :</subfield><subfield code="b">S.H. Shoemaker,</subfield><subfield code="c">1864-1982.</subfield></datafield><datafield ind1=" " ind2=" " tag="300"><subfield code="a">118 v. ;</subfield><subfield code="c">50 cm.</subfield></datafield><datafield ind1=" " ind2=" " tag="310"><subfield code="a">Semiweekly,</subfield><subfield code="b">&lt;Apr. 14, 1966&gt;-1982</subfield></datafield><datafield ind1=" " ind2=" " tag="321"><subfield code="a">Weekly,</subfield><subfield code="b">July 15, 1864-&lt;Jan. 10, 1963&gt;</subfield></datafield><datafield ind1="0" ind2=" " tag="362"><subfield code="a">Vol. 1, no. 1 (July 15, 1864)-v. 118, no. 48 (Dec. 29, 1982).</subfield></datafield><datafield ind1=" " ind2=" " tag="500"><subfield code="a">Published as: De Witt observer, Nov. 25, 1864-&lt;1945&gt;.</subfield></datafield><datafield ind1=" " ind2=" " tag="500"><subfield code="a">Issues for &lt;Nov. 13&gt;-Dec. 29, 1982 are national ed.; also issued in a "central ed.", consisting of national ed. and advertising supplement with title: The bizzy bee.</subfield></datafield><datafield ind1=" " ind2=" " tag="500"><subfield code="a">Publisher varies.</subfield></datafield><datafield ind1=" " ind2=" " tag="500"><subfield code="a">Editor: S.H. Shoemaker, &lt;1874-1876&gt;.</subfield></datafield><datafield ind1=" " ind2="0" tag="651"><subfield code="a">De Witt (Iowa)</subfield><subfield code="v">Newspapers.</subfield></datafield><datafield ind1=" " ind2="7" tag="655"><subfield code="a">Newspapers.</subfield><subfield code="2">fast</subfield><subfield code="0">(OCoLC)fst01423814</subfield></datafield><datafield ind1=" " ind2="7" tag="651"><subfield code="a">Iowa</subfield><subfield code="z">De Witt.</subfield><subfield code="2">fast</subfield><subfield code="0">(OCoLC)fst01246981</subfield></datafield><datafield ind1=" " ind2=" " tag="752"><subfield code="a">United States</subfield><subfield code="b">Iowa</subfield><subfield code="c">Clinton</subfield><subfield code="d">De Witt.</subfield></datafield><datafield ind1="0" ind2="0" tag="780"><subfield code="t">Signal (De Witt, Iowa)</subfield></datafield><datafield ind1="0" ind2="5" tag="780"><subfield code="t">News (Grand Mound, Iowa)</subfield><subfield code="g">1957</subfield></datafield><datafield ind1="0" ind2="0" tag="785"><subfield code="t">Observer (De Witt, Iowa : National edition)</subfield><subfield code="x">0886-8808</subfield><subfield code="w">(DLC)sn 86013751</subfield><subfield code="w">(DLC)sn 86013751</subfield></datafield></record>